<record><leader>00000cas a2200000 a 4500</leader><controlfield tag="001">34404500</controlfield><controlfield tag="008">960319d1936193uvauwr ne      0    0eng c</controlfield><datafield ind1=" " ind2=" " tag="010"><subfield code="a">sn 96095009 </subfield></datafield><datafield ind1=" " ind2=" " tag="040"><subfield code="a">NVK</subfield><subfield code="b">eng</subfield><subfield code="c">NVK</subfield><subfield code="d">FUG</subfield><subfield code="d">NVF</subfield><subfield code="d">OCL</subfield><subfield code="d">OCLCQ</subfield><subfield code="d">CUI</subfield><subfield code="d">OCLCQ</subfield><subfield code="d">OCLCO</subfield></datafield><datafield ind1="1" ind2=" " tag="029"><subfield code="a">AU@</subfield><subfield code="b">000025923513</subfield></datafield><datafield ind1=" " ind2=" " tag="042"><subfield code="a">pcc</subfield></datafield><datafield ind1=" " ind2=" " tag="043"><subfield code="a">n-us-md</subfield><subfield code="a">n-us-ny</subfield></datafield><datafield ind1="0" ind2=" " tag="130"><subfield code="a">Afro-American (Baltimore, Md. : Harlem ed.)</subfield></datafield><datafield ind1="1" ind2="0" tag="245"><subfield code="a">Afro-American.</subfield></datafield><datafield ind1="1" ind2=" " tag="246"><subfield code="i">Published on &lt;Feb. 8, 1936&gt; as:</subfield><subfield code="a">New York Afro-American</subfield></datafield><datafield ind1=" " ind2=" " tag="250"><subfield code="a">Harlem ed.</subfield></datafield><datafield ind1=" " ind2=" " tag="260"><subfield code="a">Baltimore, Md. :</subfield><subfield code="b">Afro-American, Co.</subfield></datafield><datafield ind1=" " ind2=" " tag="300"><subfield code="a">v.</subfield></datafield><datafield ind1=" " ind2=" " tag="310"><subfield code="a">Weekly</subfield></datafield><datafield ind1="1" ind2=" " tag="362"><subfield code="a">Began in 1936?</subfield></datafield><datafield ind1=" " ind2=" " tag="500"><subfield code="a">Called "Harlem final" on &lt;Apr. 18, 1936&gt;</subfield></datafield><datafield ind1=" " ind2=" " tag="500"><subfield code="a">Imprint varies: published at New York, N.Y., &lt;Aug. 15, 1936&gt;.</subfield></datafield><datafield ind1=" " ind2=" " tag="515"><subfield code="a">Numbering is irregular.</subfield></datafield><datafield ind1="8" ind2=" " tag="521"><subfield code="a">"Black Publication."</subfield></datafield><datafield ind1=" " ind2=" " tag="530"><subfield code="a">Available on microfilm from Recordak.</subfield></datafield><datafield ind1=" " ind2=" " tag="588"><subfield code="a">Description based on: 45th year, no. 17 (Jan. 25, 1936).</subfield></datafield><datafield ind1=" " ind2=" " tag="588"><subfield code="a">Latest issue consulted: Vol. 1, no. 3 (Aug. 29, 1936).</subfield></datafield><datafield ind1=" " ind2="0" tag="650"><subfield code="a">African Americans</subfield><subfield code="z">Maryland</subfield><subfield code="v">Newspapers.</subfield></datafield><datafield ind1=" " ind2="0" tag="650"><subfield code="a">African Americans</subfield><subfield code="z">New York (State)</subfield><subfield code="z">New York</subfield><subfield code="v">Newspapers.</subfield></datafield><datafield ind1=" " ind2="0" tag="650"><subfield code="a">African Americans</subfield><subfield code="z">New York (State)</subfield><subfield code="z">Harlem (N.Y.)</subfield><subfield code="v">Newspapers.</subfield></datafield><datafield ind1=" " ind2="0" tag="651"><subfield code="a">Baltimore (Md.)</subfield><subfield code="v">Newspapers.</subfield></datafield><datafield ind1=" " ind2="0" tag="651"><subfield code="a">Harlem (New York, N.Y.)</subfield><subfield code="v">Newspapers.</subfield></datafield><datafield ind1=" " ind2="0" tag="651"><subfield code="a">New York (N.Y.)</subfield><subfield code="v">Newspapers.</subfield></datafield><datafield ind1=" " ind2="0" tag="651"><subfield code="a">New York County (N.Y.)</subfield><subfield code="v">Newspapers.</subfield></datafield><datafield ind1=" " ind2=" " tag="752"><subfield code="a">United States</subfield><subfield code="b">Maryland</subfield><subfield code="d">Baltimore.</subfield></datafield><datafield ind1=" " ind2=" " tag="752"><subfield code="a">United States</subfield><subfield code="b">New York</subfield><subfield code="c">New York</subfield><subfield code="d">New York.</subfield></datafield><datafield ind1="0" ind2=" " tag="775"><subfield code="t">Afro-American (Baltimore, Md. : 1915)</subfield><subfield code="w">(DLC)sn 83045829</subfield></datafield><datafield ind1="0" ind2=" " tag="775"><subfield code="t">Afro-American (Philadelphia, Pa. : 1934)</subfield><subfield code="w">(DLC)sn 84025924</subfield></datafield><datafield ind1="0" ind2=" " tag="775"><subfield code="t">Afro-American (Washington, D.C. : Washington ed.)</subfield><subfield code="w">(DLC)sn 96095001</subfield></datafield><datafield ind1="0" ind2="8" tag="776"><subfield code="i">Online version:</subfield><subfield code="t">Afro-American (Baltimore, Md. : Harlem ed. : Online)</subfield><subfield code="w">(OCoLC)725520641</subfield></datafield></record>